<?xml version="1.0" encoding="UTF-8"?><collection xmlns="http://www.loc.gov/MARC21/slim"><record><leader>00508nam--2200181-u-4500</leader><controlfield tag="001">000056566</controlfield><controlfield tag="002">20161230</controlfield><controlfield tag="005">20170302102248</controlfield><controlfield tag="008">160114s1000------------r-----000-0-eng-d</controlfield><datafield ind1=" " ind2=" " tag="040"><subfield code="a">IFIN-HH</subfield></datafield><datafield ind1=" " ind2=" " tag="080"><subfield code="a">519.21:51.7(535.14:535.12)</subfield></datafield><datafield ind1="1" ind2=" " tag="100"><subfield code="a">Mandel, Leonard</subfield></datafield><datafield ind1="1" ind2="0" tag="245"><subfield code="a">Optical coherence and quantum optics</subfield><subfield code="c">Leonard Mandel, Emil Wolf</subfield></datafield><datafield ind1=" " ind2=" " tag="260"><subfield code="a">Cambridge</subfield><subfield code="b">Cambridge University Press</subfield><subfield code="c">1995</subfield></datafield><datafield ind1=" " ind2=" " tag="300"><subfield code="a">XXIII+1166P</subfield></datafield><datafield ind1="1" ind2=" " tag="700"><subfield code="a">Wolf, Emil</subfield></datafield><datafield ind1=" " ind2=" " tag="852"><subfield code="a">81721</subfield><subfield code="c">535</subfield></datafield><datafield ind1=" " ind2=" " tag="CAT"><subfield code="a">SYS</subfield><subfield code="c">20170302</subfield><subfield code="h">102248</subfield></datafield></record></collection>